@article{MUKHERJEE2024102444,
	title = {Unsupervised constrained discord detection in IoT-based online crane monitoring},
	journal = {Advanced Engineering Informatics},
	volume = {60},
	pages = {102444},
	year = {2024},
	issn = {1474-0346}
}

@article{MR2022103046,
	title = {AICrit: A unified framework for real-time anomaly detection in water treatment plants},
	journal = {Journal of Information Security and Applications},
	volume = {64},
	pages = {103046},
	year = {2022},
	issn = {2214-2126},
}